% This file was created with JabRef 2.9b2.
% Encoding: ISO8859_1

% PEP-Grundlagen
@ARTICLE{Hassanzadeh2013,
  author = {Mehrdad Hassanzadeh, Serge Theoleyre, Claude Jollain, Renaud Metz},
  title = {Environmental declaration in compliance with ISO 14025 thanks to a collaborative program of electrical and electronic industry: The PEP ecopassport program},
  year = {2013},
  doi = {10.1049/cp.2013.0577},
  url = {https://ieeexplore.ieee.org/abstract/document/6683180}
}

@online{PEP,
  author    = {{Association P.E.P.}},
  title     = {PEP Ecopassport},
  year      = {2024},
  url       = {https://www.pep-ecopassport.org/},
  urldate   = {2025-10-18},
  note      = {Offizielle Website der Initiative für Umweltdeklarationen elektronischer Produkte}
}

% PDF Extraktion
@ARTICLE{Lipinski2013,
  author = {Mario Lipinski, Kevin Yao, Corinna Breitinger, Joeran Beel, Bela Gipp},
  title = {Evaluation of Header Metadata Extraction Approaches and Tools for Scientific PDF Documents},
  year = {2013},
  doi = {10.1145/2467696.2467753},
  url = {https://dl.acm.org/doi/abs/10.1145/2467696.2467753}
}

@ARTICLE{Bast2017,
  author = {Hannah Bast, Claudius Korzen},
  title = {A Benchmark and Evaluation for Text Extraction from PDF},
  year = {2017},
  doi={10.1109/JCDL.2017.7991564},
  url={https://ieeexplore.ieee.org/abstract/document/7991564}
}

@ARTICLE{Chao2004,
  author = {Hui Chao, Jian Fan },
  title = {Layout and Content Extraction for PDF Documents},
  year = {2004},
  doi={10.1007/978-3-540-28640-0_20},
  url={https://link.springer.com/chapter/10.1007/978-3-540-28640-0_20},
  site={213-224}
}

@ARTICLE{Chao2004,
  author = {Hui Chao, Jian Fan },
  title = {Layout and Content Extraction for PDF Documents},
  year = {2004},
  doi={10.1007/978-3-540-28640-0_20},
  url={https://link.springer.com/chapter/10.1007/978-3-540-28640-0_20},
  site={213-224}
}

@ARTICLE{Corrêa2017,
  author = {Andreiwid Sheffer Corrêa, Pär-Ola Zander},
  title = {Unleashing Tabular Content to Open Data: A Survey on PDF Table Extraction Methods and Tools},
  year = {2017},
  doi={10.1145/3085228.30852},
  url={https://dl.acm.org/doi/abs/10.1145/3085228.3085278}
}

@ARTICLE{Lovegrove1995,
  author = {William S. Lovegrove, David F. Brailsford},
  title = {Document analysis of PDF files: methods, results and implications},
  year = {1995},
  url={https://nottingham-repository.worktribe.com/output/1024553}
}

% Docling

@ARTICLE{VORLAGE,
  author = {},
  title = {},
  year = {},
  doi={},
  url={}
}